<record><leader>00000cas a22000007a 4500</leader><controlfield tag="001">28516354</controlfield><controlfield tag="008">930726d18941896mouwr ne      0    0eng d</controlfield><datafield ind1=" " ind2=" " tag="010"><subfield code="a">sn 93060233 </subfield></datafield><datafield ind1=" " ind2=" " tag="040"><subfield code="a">MQN</subfield><subfield code="b">eng</subfield><subfield code="c">MQN</subfield><subfield code="d">OCLCQ</subfield></datafield><datafield ind1=" " ind2=" " tag="042"><subfield code="a">msc</subfield></datafield><datafield ind1="0" ind2="4" tag="245"><subfield code="a">The Boonville, Missouri, Democrat.</subfield></datafield><datafield ind1=" " ind2=" " tag="260"><subfield code="a">Boonville, Mo. :</subfield><subfield code="b">William F. Switzler,</subfield><subfield code="c">1894-1896.</subfield></datafield><datafield ind1=" " ind2=" " tag="300"><subfield code="a">v.</subfield></datafield><datafield ind1=" " ind2=" " tag="310"><subfield code="a">Weekly</subfield></datafield><datafield ind1="0" ind2=" " tag="362"><subfield code="a">Vol. 18, no. 4 (Nov. 9, 1894)-v. 19, no. 37 (July 3, 1896).</subfield></datafield><datafield ind1=" " ind2="4" tag="651"><subfield code="a">Boonville (Mo.)</subfield><subfield code="v">Newspapers.</subfield></datafield><datafield ind1=" " ind2=" " tag="752"><subfield code="a">United States</subfield><subfield code="b">Missouri</subfield><subfield code="c">Cooper</subfield><subfield code="d">Boonville.</subfield></datafield><datafield ind1="0" ind2="0" tag="780"><subfield code="t">Missouri Democrat (Boonville, Mo. : 1893 : Weekly)</subfield><subfield code="w">(DLC)sn 89066444</subfield></datafield><datafield ind1="0" ind2="0" tag="785"><subfield code="t">Missouri Democrat (Boonville, Mo. : 1896 : Weekly)</subfield><subfield code="w">(DLC)sn 93060232</subfield></datafield><datafield ind1="1" ind2=" " tag="029"><subfield code="a">AU@</subfield><subfield code="b">000025862436</subfield></datafield></record>